<?xml version="1.0" encoding="UTF-8"?><collection xmlns="http://www.loc.gov/MARC21/slim"><record><leader>00498nam--2200193-i-4500</leader><controlfield tag="001">000049557</controlfield><controlfield tag="002">20161230</controlfield><controlfield tag="005">20161230201047</controlfield><controlfield tag="008">060222s1000------------r-----000-0-ger-d</controlfield><datafield ind1=" " ind2=" " tag="040"><subfield code="a">IFIN-HH</subfield></datafield><datafield ind1=" " ind2=" " tag="041"><subfield code="a">ger</subfield></datafield><datafield ind1=" " ind2=" " tag="080"><subfield code="a">519.24</subfield></datafield><datafield ind1="1" ind2=" " tag="100"><subfield code="a">Heinhold, Josef</subfield></datafield><datafield ind1="1" ind2="0" tag="245"><subfield code="a">Ingenieur-statistik</subfield><subfield code="c">Josef heinhold, karl-walter gaede</subfield></datafield><datafield ind1=" " ind2=" " tag="260"><subfield code="a">Munchen</subfield><subfield code="b">R. Oldenbourg Verlag</subfield><subfield code="c">1964</subfield></datafield><datafield ind1=" " ind2=" " tag="300"><subfield code="a">XI+327P</subfield></datafield><datafield ind1="1" ind2=" " tag="700"><subfield code="a">Gaede, Karl-wlater</subfield></datafield><datafield ind1=" " ind2=" " tag="852"><subfield code="a">21760</subfield><subfield code="c">519.24</subfield></datafield><datafield ind1=" " ind2=" " tag="CAT"><subfield code="a">Sys</subfield><subfield code="c">20130802</subfield><subfield code="h">141651</subfield></datafield></record></collection>